<record><leader>00000cas a22000007a 4500</leader><controlfield tag="001">27909739</controlfield><controlfield tag="008">930413d18uu1uuucaudn ne      0    0eng d</controlfield><datafield ind1=" " ind2=" " tag="010"><subfield code="a">sn 93050973 </subfield></datafield><datafield ind1=" " ind2=" " tag="040"><subfield code="a">CUY</subfield><subfield code="b">eng</subfield><subfield code="c">CNK</subfield><subfield code="d">OCL</subfield><subfield code="d">OCLCQ</subfield><subfield code="d">OCLCF</subfield><subfield code="d">OCLCO</subfield></datafield><datafield ind1=" " ind2=" " tag="042"><subfield code="a">msc</subfield></datafield><datafield ind1=" " ind2=" " tag="043"><subfield code="a">n-us-ca</subfield></datafield><datafield ind1="0" ind2="4" tag="245"><subfield code="a">The Merced daily Argus.</subfield></datafield><datafield ind1=" " ind2=" " tag="260"><subfield code="a">Merced, Calif. :</subfield><subfield code="b">Steele &amp; Steele</subfield></datafield><datafield ind1=" " ind2=" " tag="300"><subfield code="a">v.</subfield></datafield><datafield ind1=" " ind2=" " tag="310"><subfield code="a">Daily (except Sun.)</subfield></datafield><datafield ind1=" " ind2=" " tag="588"><subfield code="a">Description based on: Vol. 5, no. 114 (Feb. 25, 1889).</subfield></datafield><datafield ind1=" " ind2="0" tag="651"><subfield code="a">Merced County (Calif.)</subfield><subfield code="v">Newspapers.</subfield></datafield><datafield ind1=" " ind2="7" tag="655"><subfield code="a">Newspapers.</subfield><subfield code="2">fast</subfield><subfield code="0">(OCoLC)fst01423814</subfield></datafield><datafield ind1=" " ind2="7" tag="651"><subfield code="a">California</subfield><subfield code="z">Merced County.</subfield><subfield code="2">fast</subfield><subfield code="0">(OCoLC)fst01215705</subfield></datafield><datafield ind1=" " ind2=" " tag="752"><subfield code="a">United States</subfield><subfield code="b">California</subfield><subfield code="c">Merced</subfield><subfield code="d">Merced.</subfield></datafield><datafield ind1="0" ind2=" " tag="775"><subfield code="t">San Joaquin Valley Argus</subfield><subfield code="w">(DLC)sn 84038818</subfield></datafield></record>